@misc{Facca:2018,
  author = {Enrico, Facca},
  title = {
\href{http://paduaresearch.cab.unipd.it/11136/2/enrico_facca_thesis.pdf
}{Biologically inspired formulation of Optimal Transport Problems }},
  year = { 2018 },
  keywords={my},
}


@Article{Facca-et-al:2018,
author = {Enrico Facca and Franco Cardin and Mario Putti},
title = {\href{https://doi.org/10.1137/16M1098383}{Towards a Stationary Monge--Kantorovich Dynamics:
 The Physarum Polycephalum Experience}},
journal = SIAMjam,
volume = {78},
number = {2},
pages = {651-676},
year = {2018},
keywords={my},
}

@article{Facca-et-al-numeric:2020,
author = {Facca, Enrico and Daneri, Sara and Cardin, Franco and Putti, Mario},
journal = jsc,
volume = 82,
number = {3},
pages = {1-26},
title = {\href{https://doi.org/10.1007/s10915-020-01170-8}{Numerical solution of Monge--Kantorovich Equations via a Dynamic Formulation}},
year = {2020},
keywords={my},
}


@article{Bergamaschi-et-al:2018,
author = {Bergamaschi,Luca and Facca, Enrico and Mart\'inez Calomardo, \'Angeles
 and Putti, Mario},
title = {\href{https://doi.org/10.1016/j.cam.2018.01.022}{
Spectral preconditioners for the efficient numerical solution
 of a continuous branched transport model}
},
volume = {354},
pages = {259-270},
journal = jcam,
year = {2018},
keywords={my},
}

@article{Facca-et-al-nonuniform:2020,
title = {\href{https://doi.org/10.1016/j.tcs.2020.01.034}{Convergence of the non-uniform directed Physarum model}},
journal = tcs,
year = {2020},
volume = {816},
pages = {184 - 194},
author = {Facca,Enrico and Karrenbauer, Andreas and Kolev, Pavel and Mehlhorn, Kurt},
keywords={my},
}

@article{BaLe2020,
      title={
      \href{https://doi.org/10.1038/s41598-020-77064-4
      }{Network extraction by routing optimization}
      }, 
      author={Diego Baptista and Daniela Leite and Enrico Facca and Mario Putti and Caterina De Bacco},
      year={2020},
      journal=scirep,
      volume={10},
numeber={20806},
    keywords={my}
}


%---------------------------sub-------------------------------------------------


@unpublished{Facca-et-al-branch:2018,
  author =	 {Enrico Facca and Franco Cardin and Mario Putti},
  title =	 {Branching structures emerging from a continuous optimal transport model},
  journal =	 {},
  year =	 {2018},
note = "Under review at \ " # jcp # "\  \href{https://arxiv.org/abs/1811.12691}{(ArXiv preprint available)}",
    keywords={my}
}



@unpublished{Facca-et-al-discrete:2018,
       author = {Facca, Enrico and Cardin, Franco and {Putti}, Mario},
        title = {Physarum Dynamics and Optimal Transport for Basis Pursuit},
      note = {\href{https://arxiv.org/abs/1812.11782}{(ArXiv preprint available)}},
     keywordss = {Mathematics - Numerical Analysis},
         year = 2018,
          eid = {arXiv:1812.11782},
        pages = {arXiv:1812.11782},
archivePrefix = {arXiv},
       eprint = {1812.11782},
 primaryClass = {math.NA},
       adsurl = {https://ui.adsabs.harvard.edu/\#abs/2018arXiv181211782F},
      adsnote = {Provided by the SAO/NASA Astrophysics Data System},
      keywords={my},
}




@unpublished{FaccaPiazzon:2019,
    title={Transport Energy},
    author={Facca, Enrico and Piazzon, Federico },
    year={2019},
      note = {\href{https://arxiv.org/abs/1909.04417}{(ArXiv preprint available)}},
    archivePrefix={arXiv},
    primaryClass={math.AP},
    keywords={my}
}



@unpublished{BoFa2020,
  title={Physarum Multi-Commodity Flow Dynamics},
  author={Bonifaci, Vincenzo and Facca, Enrico and Folz, Frederic and
                  Karrenbauer, Andreas and Kolev, Pavel and Mehlhorn,
                  Kurt and Morigi, Giovanna and Shahkarami, Golnoosh
                  and Vermande, Quentin},
  note="Under review at \ " # tcs # "\ \href{https://arxiv.org/abs/2009.01498}{(ArXiv preprint available)}",
  year={2020},
    keywords={my}
}

@unpublished{FaBe2020,
      title={Fast Iterative Solution of the Optimal Transport Problem on Graphs}, 
      author={Enrico Facca and Michele Benzi},
      year={2020},
      note="Under review at \ " # SIAMjsc # "\ \href{https://arxiv.org/abs/2009.13478}{(ArXiv preprint available)}",
      keywords={my},
}

@unpublished{lonardi2020optimal,
      title={Optimal transport for multi-commodity routing on networks}, 
      author={Alessandro Lonardi and Enrico Facca and Mario Putti and Caterina De Bacco},
      year={2020},
      eprint={2010.14377},
      archivePrefix={arXiv},
      primaryClass={physics.soc-ph},
      note= "Under review at \ " # prr # "\ \href{https://arxiv.org/abs/2010.14377}{(ArXiv preprint available)}",
            keywords={my},

}