@STRING { ASCEjee = "J. Environ. Eng." } 
@STRING { ASCEjem = "J. Eng. Mech. Div. ASCE" } 
@STRING { ASCEjh = "J. Hydraul. Div. ASCE" } 
@STRING { ASCEjhe = "J. Hydraul. Engrg. ASCE" } 
@STRING { ASCEjhydro = "J. Hydrologic Engrg. ASCE" } 
@STRING { ASCEjsmf = "J. Soil. Mech. and Found. Div. ASCE" } 
@STRING { ASCEjwrpm = "J. Water Res. Plan. and Mngm. Div. ASCE" } 
@STRING { COAP = "Comput. Optim. Appl." } 
@STRING { CPC = "Comput. Phys. Commun." } 
@STRING { ESAIM = "ESAIM-Math. Model. Num." } 
@STRING { ESAIMcocv = "ESAIM Control Optim. Calc. Var." } 
@STRING { ETNA = "Electronic Trans. Num. Anal." } 
@STRING { IJMce = "In. J. for Multiscale Comput. Eng." } 
@STRING { IMAjna = "IMA J. Num. Anal." } 
@STRING { ISRN = "ISRN Appl. Math." } 
@STRING { NearSurfG = "Near Surf. Geophys." } 
@STRING { PCS = "Procedia Comput. Sci." } 
@STRING { SIAMjam = "SIAM J. Appl. Math." } 
@STRING { SIAMjco = "SIAM J. Control Optim" } 
@STRING { SIAMjma = "SIAM J. Matrix Anal." } 
@STRING { SIAMjmaa = "SIAM J. Matrix Anal. and Appl." } 
@STRING { SIAMjna = "SIAM J. Num. Anal." } 
@STRING { SIAMjopt = "SIAM J. Sci. Opt." } 
@STRING { SIAMjsc = "SIAM J. Sci. Comput." } 
@STRING { SIAMjssc = "SIAM J. Sci. Stat. Comput." }
@STRING { SIAMjis  = "SIAM J. Imaging Sci."}
@STRING { SIAMrev = "SIAM Review" } 
@STRING { SIMAX = "SIAM J. Matrix Anal." }
@STRING { SIMAjads = "SIAM J. Appl. Dyn. Syst."}
@STRING { TrAmInMinMetal = "Trans. Am. Inst. Min. Metall. Eng." } 
@STRING { ZAMMZamm = "ZAMM-Z. Angew. Math. Me." } 
@STRING { aapgb = "Am. Assoc. Pet. Geol. Bull." } 
@STRING { actamech = "Acta Mech." } 
@STRING { actanum = "Acta Num." } 
@STRING { aeqmat = "Aequationes Math." } 
@STRING { aes = "Adv. Engng. Soft." } 
@STRING { agrformet = "Agr. Forest Meteorol." } 
@STRING { amc = "Appl. Math. Comput." } 
@STRING { amm = "Appl. Math. Model." } 
@STRING { amstat = "Am. Stat." } 
@STRING { anm = "Appl. Num. Math." } 
@STRING { annbot = "Annals of Botany" } 
@STRING { anngeo = "Ann. Geophys." } 
@STRING { annmatstat = "Ann. Math. Stat." } 
@STRING { appmatmod = "Appl. Math. Model." } 
@STRING { arXiv = "arXiv" } 
@STRING { arfm = "Annual Rev. Fluid Mech." } 
@STRING { asens = "Ann. Scient. \'Ec. Norm. Sup." } 
@STRING { astro = "Astron. Astroph." } 
@STRING { autrc = "Autom. Rem. Contr." } 
@STRING { awm = "Agric. Water Manage." } 
@STRING { awr = "Adv. Water Resour." } 
@STRING { bams = "Bull. Amer. Meteor. Soc." } 
@STRING { basiceng = "J. Basic Eng.-T. ASME" } 
@STRING { biobul = "Biometrics Bul." } 
@STRING { bit = "BIT" } 
@STRING { blm = "Bound.-Layer Meteor." } 
@STRING { calcolo = "Calcolo" } 
@STRING { cea = "Comput. Electron. Agric." } 
@STRING { cetiea = "Civil Eng. Trans. Inst. Eng. Aust." } 
@STRING { chemrev = "Chem. Rev." } 
@STRING { cmame = "Comp. Methods App. Mech. Engrg." } 
@STRING { cmwa = "Comput. Math. Appl." } 
@STRING { commms = "Comm. Math. Sci." } 
@STRING { commnme = "Comm. Numer. Methods Engrg." } 
@STRING { compgeo = "Comput. Geosci." } 
@STRING { compgeop = "Comput. Geophys." } 
@STRING { compjour = "Comput. J." } 
@STRING { compstru = "Comp. \& Struct." } 
@STRING { comptrendu = "C. R. Math. Acad. Sci. Paris" } 
@STRING { compu = "Comput." } 
@STRING { comstat = "Computation. Stat." } 
@STRING { contmat = "Contemp. Math." } 
@STRING { crasmath = "C. R. Acad. Sci. Paris S\'er. I Math" } 
@STRING { crec = "Crit. Rev. Env. Contr." } 
@STRING { drna = "Dolomites Res. Notes Approx." } 
@STRING { ecm = "Energy Conv. Mngm." } 
@STRING { eco = "Ecology" } 
@STRING { ecohy = "Ecohydrol." } 
@STRING { eeg = "Env. \& Eng. Geosc." } 
@STRING { envgeo = "Environ. Geol." } 
@STRING { envmodsof = "Environ. Modell. Softw." } 
@STRING { envpol = "Env. Poll." } 
@STRING { envsoft = "Environ. Software" } 
@STRING { eos = "EOS, Trans. Am. Geophys. Union" } 
@STRING { estu = "Estuaries" } 
@STRING { etna = "Electronic Trans. Num. Anal." } 
@STRING { ewjnm = "East-West J. Numer. Math." } 
@STRING { fe = "Func. Ecol." } 
@STRING { fem = "Forest. Ecol. Manag." } 
@STRING { ferrara = "Ann. Univ. Ferrara" } 
@STRING { gcb = "Glob. Change Biol." } 
@STRING { geo = "Geotechnique" } 
@STRING { geomorph = "Geomorphology" } 
@STRING { geophysics = "Geophysics" } 
@STRING { georl = "Geophys. Res. Lett." } 
@STRING { geospp = "Geol. Surv. Prof. Paper" } 
@STRING { grl = "Geophys. Res. Let." } 
@STRING { gsab = "Geol. Soc. Am. Bull." } 
@STRING { gwat = "Ground Water" } 
@STRING { hess = "Hydrol. Earth Syst. Sc." } 
@STRING { hj = "Hydrogeol. J." } 
@STRING { hp = "Hydrol. Process." } 
@STRING { hydearss = "Hydrol. Earth Syst. Sc." } 
@STRING { hydearssd = "Hydrol. Earth Syst. Sc. Discuss." } 
@STRING { hydroproc = "Hydrol. Proc." } 
@STRING { ieeecsm = "IEEE CONTR. Syst. Mag." } 
@STRING { ieeetac = "IEEE T. Automat. Contr." } 
@STRING { ieeetbe = "IEEE T. Biomed. Eng." } 
@STRING { ieeetgrs = "IEEE T. Geosci. Remote" } 
@STRING { ieeetm = "IEEE T. Magn." } 
@STRING { ieeetsp = "IEEE T. Signal Proces." } 
@STRING { ieepf = "IEE Proc.-F" }
@STRING { ieeetpami = "IEEE Trans. Pattern Anal. Mach. Intell."}
@STRING { ijc = "Int. J. Climatol." } 
@STRING { ijcm = "Int. J. Computer Math." } 
@STRING { ijhmt = "Int. J. Heat. Mass. Tran." } 
@STRING { ijnamg = "Int. J. Numer. Analytic. Methods Geomech." } 
@STRING { ijnme = "Int. J. Numer. Methods Engrg." } 
@STRING { ijnmf = "Int. J. Numer. Methods Fluids" } 
@STRING { ijss = "Int. J. Solids Struct." } 
@STRING { intjc = "Int. J. Control" } 
@STRING { intsr = "Int. Stat. Rev." } 
@STRING { invprob = "Inverse Probl." } 
@STRING { iumj = "Ind. Univ. Math. J." } 
@STRING { jageo = "J. Appl. Geophys." } 
@STRING { jam = "J. Appl. Math." } 
@STRING { jamet = "J. Appl. Meteorol." } 
@STRING { jap = "J. Appl. Phys." } 
@STRING { jas = "J. Atmos. Sci." } 
@STRING { jasa = "J. Am. Stat. Assoc." } 
@STRING { jcam = "J. Comput. Appl. Math." } 
@STRING { jcgs = "J. Comput. Graph. Stat." } 
@STRING { jch = "J. Contam. Hydrol." } 
@STRING { jchp = "J. Chem. Phys." } 
@STRING { jclim = "J. Climate" } 
@STRING { jcm = "J. Comput. Math." } 
@STRING { jcmech = "J. Comput. Mech." } 
@STRING { jcmse = "J. Comp. Meth. Sci. Engng." } 
@STRING { jcp = "J. Comp. Phys." } 
@STRING { jecol = "J. Ecol." } 
@STRING { jeg = "J. Environ. Geol." } 
@STRING { jfm = "J. Fluid Mech." } 
@STRING { jgeol = "J. Geol." } 
@STRING { jgeoresat = "J. Geophys. Res.-Atmos." } 
@STRING { jgeoresoc = "J. Geophys. Res.-Oceans" } 
@STRING { jgr = "J. Geophys. Res." } 
@STRING { jhydmeteo = "J. Hydrometeorol." } 
@STRING { jhydro = "J. Hydrol." } 
@STRING { jhydrores = "J. Hydrol. Res." } 
@STRING { jmarines = "J. Marine Syst." } 
@STRING { jmathappl = "J. Inst. Math. Appl." } 
@STRING { jmpa = "J. Math. Pure Appl." } 
@STRING { jpc = "J. Process Contr." } 
@STRING { jphyschem = "J. Phys. Chem." } 
@STRING { jres = "J. Res. Nat. Bur. Standard" } 
@STRING { jrssb = "J. Roy. Stat. Soc. B" } 
@STRING { jsc = "J. Scient. Comput." } 
@STRING { jspe = "Soc. Pet. Eng. J." } 
@STRING { jsv = "J. Sound Vib." } 
@STRING { jtb = "J. Theor. Biol." } 
@STRING { jte = "J. Trop.Ecol." } 
@STRING { lam = "Lectures Appl. Math." } 
@STRING { linalg = "Linear Algebra Appl." } 
@STRING { m2an = "Math. Model. Num. Anal." } 
@STRING { m3as = "Math. Mod. Meth. Appl. Sci." } 
@STRING { mac = "Matem. Aplic. e Comput." } 
@STRING { mathgeo = "Math. Geosci." } 
@STRING { mathind = "Math. Indust." } 
@STRING { mathprog = "Math. Prog." } 
@STRING { matpreng = "Math. Probl. Eng." } 
@STRING { mc = "Math. Comp." } 
@STRING { mcm = "Math. Comp. Model." } 
@STRING { mcmdyn = "Math. Comp. Model. Dyn." } 
@STRING { memoirsAMS = "Mem. Am. Math. Soc." } 
@STRING { monweathr = "Mon. Weather Rev." } 
@STRING { nature = "Nature" } 
@STRING { naturecc = "Nature Clim. Change" } 
@STRING { naturegeo = "Nature Geosc." } 
@STRING { newphy = "New Phytol." } 
@STRING { nht = "Numer. Heat Transfer" } 
@STRING { nlaa = "Numer. Lin. Alg. Appl." } 
@STRING { nmpde = "Num. Meth. PDE" } 
@STRING { numalg = "Num. Alg." } 
@STRING { nummat = "Numer. Math." } 
@STRING { numpde = "Num. Meth. PDE" } 
@STRING { ocdyn = "Ocean Dyn." } 
@STRING { oecologia = "Oecologia" } 
@STRING { paralg = "Parallel Alg. Appl." } 
@STRING { parcom = "Parallel Comput." } 
@STRING { pce = "Plant Cell. Environ." } 
@STRING { pes = "Procedia Env. Sci." } 
@STRING { physd = "Physica D" } 
@STRING { physgeogr = "Prog. Phys. Geogr." } 
@STRING { pieee = "P. IEEE" } 
@STRING { planta = "Planta" } 
@STRING { plants = "Plant Soil" } 
@STRING { pnas = "Proc. Nat. Acad. Sci." } 
@STRING { pre = "Phys. Rev. E" } 
@STRING { procRSB = "Proc. R. Soc. B" } 
@STRING { proenv = "Procedia Environ. Sci." } 
@STRING { prr = "Phys. Rev. Let." } 
@STRING { prsl = "Proc. R. Soc. London" } 
@STRING { prsla = "Proc. R. Soc. Lond. A" } 
@STRING { ptrsa = "Phil. Trans. R. Soc. A" } 
@STRING { qappmat = "Q. Appl. Math." } 
@STRING { qjrms = "Q. J. Roy. Meteor. Soc." } 
@STRING { revgeo = "Rev. Geophys." } 
@STRING { rse = "Remote Sens. Environ." } 
@STRING { sc = "Stat. Comput." } 
@STRING { science = "Science" } 
@STRING { sdp = "P. Soc. Photo.-Opt. Ins." } 
@STRING { serra = "Stoch. Env. Res. Risk. A." } 
@STRING { shh = "Stoch. Hydrol. Hydraul." } 
@STRING { spej = "Spe J." } 
@STRING { ss = "Soil Sci." } 
@STRING { sssaj = "Soil Sci. Soc. Amer. J." } 
@STRING { stoten = "Sci. Total Env." } 
@STRING { surgeo = "Surv. Geophys." } 
@STRING { syscont = "Syst. Control" } 
@STRING { terranova = "Terra Nova" } 
@STRING { tipm = "Transp. Porous Media" } 
@STRING { toms = "ACM Trans. Math. Softw." } 
@STRING { treephy = "Tree Phys." } 
@STRING { vzj = "Vadose Zone J." } 
@STRING { wr = "Water Res." } 
@STRING { wrm = "Water Resour. Manag." } 
@STRING { wrr = "Water Resour. Res." } 
@STRING { CALCVARPDE = "Calc. Var. Partial Differential Equations" 
}
@STRING{ tcs = "Theor. Comput. Sci."}
@STRING{ dkn = "Dokl. Akad. Nauk. SSSR"}
@STRING{ jmlr = "J. Mach. Learn. Res."}
@STRING{ ftmc = "Found. Trends Mach. Learn."}


@STRING{ anips = "Adv. Neural. Inf. Process. Syst." }
@STRING{ ijcv  = "Int. J. Comput. Vis." }
@STRING{ mansci = "Management Sci." }
@STRING{ pmd = "Publ. Math. Debrecen" }
@STRING{ scirep = "Sci. Rep." }
@STRING{ mor = "Math. Oper. Res." }
@STRING{ tmj = "Tohoku Math. J." }
@STRING{ prr = "Phys. Rev. Res."}